<record><leader>00000cas a2200000 a 4500</leader><controlfield tag="001">30905114</controlfield><controlfield tag="008">940808c19739999iluwr ne      0   a0eng c</controlfield><datafield ind1=" " ind2=" " tag="010"><subfield code="a">sn 94054490 </subfield></datafield><datafield ind1=" " ind2=" " tag="040"><subfield code="a">NVF</subfield><subfield code="b">eng</subfield><subfield code="c">NVF</subfield><subfield code="d">CVF</subfield><subfield code="d">NVF</subfield><subfield code="d">OCLCF</subfield><subfield code="d">NVF</subfield><subfield code="d">OCLCO</subfield></datafield><datafield ind1="1" ind2=" " tag="029"><subfield code="a">AU@</subfield><subfield code="b">000011230077</subfield></datafield><datafield ind1=" " ind2=" " tag="042"><subfield code="a">pcc</subfield></datafield><datafield ind1=" " ind2=" " tag="043"><subfield code="a">n-us-il</subfield></datafield><datafield ind1="0" ind2=" " tag="130"><subfield code="a">Doings (Hinsdale, Ill. : Hinsdale ed.)</subfield></datafield><datafield ind1="1" ind2="4" tag="245"><subfield code="a">The doings.</subfield></datafield><datafield ind1="1" ind2="3" tag="246"><subfield code="a">Hinsdale doings</subfield><subfield code="f">May 7, 1981-June 10, 1988</subfield></datafield><datafield ind1=" " ind2=" " tag="250"><subfield code="a">Hinsdale ed.</subfield></datafield><datafield ind1=" " ind2=" " tag="260"><subfield code="a">Hinsdale, Ill. :</subfield><subfield code="b">Doings Newspapers,</subfield><subfield code="c">1973-</subfield></datafield><datafield ind1=" " ind2=" " tag="300"><subfield code="a">v.</subfield></datafield><datafield ind1=" " ind2=" " tag="310"><subfield code="a">Weekly (plus one extra issue in Nov.),</subfield><subfield code="b">&lt;Jan. 6, 2000&gt;-</subfield></datafield><datafield ind1=" " ind2=" " tag="321"><subfield code="a">Weekly,</subfield><subfield code="b">Feb. 15, 1973-Apr. 21, 1988</subfield></datafield><datafield ind1=" " ind2=" " tag="321"><subfield code="a">Semiweekly,</subfield><subfield code="b">Apr. 27, 1988-&lt;&gt;</subfield></datafield><datafield ind1="0" ind2=" " tag="362"><subfield code="a">Vol. 76, no. 21 (Feb. 15, 1973)- ; -v. 57, no. 51 (June 15, 1988) ; v. 93, no. 52 (June 17, 1988)-</subfield></datafield><datafield ind1=" " ind2=" " tag="515"><subfield code="a">Continues the numbering of Hinsdale doings.</subfield></datafield><datafield ind1=" " ind2="0" tag="651"><subfield code="a">Hinsdale (Ill.)</subfield><subfield code="v">Newspapers.</subfield></datafield><datafield ind1=" " ind2="7" tag="651"><subfield code="a">Illinois</subfield><subfield code="z">Hinsdale.</subfield><subfield code="2">fast</subfield><subfield code="0">(OCoLC)fst01238109</subfield></datafield><datafield ind1=" " ind2="7" tag="655"><subfield code="a">Newspapers.</subfield><subfield code="2">fast</subfield><subfield code="0">(OCoLC)fst01423814</subfield></datafield><datafield ind1=" " ind2=" " tag="752"><subfield code="a">United States</subfield><subfield code="b">Illinois</subfield><subfield code="c">DuPage</subfield><subfield code="d">Hinsdale.</subfield></datafield><datafield ind1="0" ind2="0" tag="780"><subfield code="t">Hinsdale doings</subfield><subfield code="w">(DLC)sn 94054489</subfield><subfield code="w">(OCoLC)30903227</subfield></datafield></record>